% Encoding: UTF-8

@book{yu2022keyword,
  title={Keyword search in databases},
  author={Yu, Jeffrey Xu and Chang, Lijun and Qin, Lu},
  year={2022},
  publisher={Springer Nature}
}

@article{tsunamivldb,
  volume = { - },
  pages = { - },
  tag = { mlsys },
  year = { 2020 },
  journal = { Proc. {VLDB} Endow. },
  title = { Tsunami: {A} Learned Multi-dimensional Index for Correlated Data and
			               Skewed Workloads },
  author = { Jialin Ding and
			               Vikram Nathan and
			               Mohammad Alizadeh and
			               Tim Kraska },
  tags = { mlsys },
}
@article{ma2022film,
  title={Film: A fully learned index for larger-than-memory databases},
  author={Ma, Chaohong and Yu, Xiaohui and Li, Yifan and Meng, Xiaofeng and Maoliniyazi, Aishan},
  journal={Proceedings of the VLDB Endowment},
  volume={16},
  number={3},
  pages={561--573},
  year={2022},
  publisher={VLDB Endowment}
}
@inproceedings{DBLP:conf/sigmod/NathanDAK20,
  tag = { mlsys },
  bibsource = { dblp computer science bibliography, https://dblp.org },
  biburl = { https://dblp.org/rec/conf/sigmod/NathanDAK20.bib },
  timestamp = { Fri, 21 Aug 2020 17:36:54 +0200 },
  doi = { 10.1145/3318464.3380579 },
  url = { https://doi.org/10.1145/3318464.3380579 },
  year = { 2020 },
  publisher = { ACM },
  pages = { 985--1000 },
  booktitle = { Proceedings of the 2020 International Conference on Management of
			               Data, {SIGMOD} Conference 2020, online conference [Portland, OR, USA],
			               June 14-19, 2020 },
  title = { Learning Multi-Dimensional Indexes },
  editor = { David Maier and
			               Rachel Pottinger and
			               AnHai Doan and
			               Wang{-}Chiew Tan and
			               Abdussalam Alawini and
			               Hung Q. Ngo },
  author = { Vikram Nathan and
			               Jialin Ding and
			               Mohammad Alizadeh and
			               Tim Kraska },
  tags = { mlsys },
}

@article{DBLP:journals/corr/abs-2105-01601,
  author    = {Ilya O. Tolstikhin and
               Neil Houlsby and
               Alexander Kolesnikov and
               Lucas Beyer and
               Xiaohua Zhai and
               Thomas Unterthiner and
               Jessica Yung and
               Andreas Steiner and
               Daniel Keysers and
               Jakob Uszkoreit and
               Mario Lucic and
               Alexey Dosovitskiy},
  title     = {MLP-Mixer: An all-MLP Architecture for Vision},
  journal   = {CoRR},
  volume    = {abs/2105.01601},
  year      = {2021},
  url       = {https://arxiv.org/abs/2105.01601},
  eprinttype = {arXiv},
  eprint    = {2105.01601},
  timestamp = {Tue, 18 May 2021 10:37:34 +0200},
  biburl    = {https://dblp.org/rec/journals/corr/abs-2105-01601.bib},
  bibsource = {dblp computer science bibliography, https://dblp.org}
}

@misc{canada-adoption-letter-2018,
	title = {{Canada-adoption letter-2018.pdf}},
	author = {Brison, Scott},
	month = {03},
	year = {2018 [Online]},
	url = {https://drive.google.com/file/d/15qvS8AgahWv5x2Qi7yhAuHWp2NPy04sG/view},
	urldate = {2022-07-17},
	publisher = {The International Open Data Charter}
}

@misc{ocd-principles,
	title = {{Principles}},
	organization = {The International Open Data Charter},
	url = {https://opendatacharter.net/principles/},
	urldate = {2017-07-22}
}

@misc{open-data-101,
	title = {{Open Data 101}},
	organization = {Government of Canada},
	month = {11},
	year = {2020 [Online]},
	url = {https://open.canada.ca/en/open-data-principles},
	urldate = {2022-07-17}
}

@misc{open-data-pilot-project,
	title = {{Minister Day Launches Open Data Portal}},
	organization = {Treasury Board of Canada Secretariat},
	month = {03},
	year = {2011 [Online]},
	url = {https://web.archive.org/web/20110706181845/http://www.tbs-sct.gc.ca/media/nr-cp/2011/0317a-eng.asp},
	urldate = {2022-07-17}
}

@book{McCandless2010,
	author = {McCandless, Michael and Hatcher, Erik and Gospodneti{\'{c}}, Otis},
	edition = {2},
	pages = {7},
	publisher = {Manning Publications Co.},
	title = {{Lucene in action}},
	year = {2010}
}

@inproceedings{kraska2018case,
	title={The case for learned index structures},
	author={Kraska, Tim and Beutel, Alex and Chi, Ed H and Dean, Jeffrey and Polyzotis, Neoklis},
	booktitle={Proceedings of the 2018 international conference on management of data},
	pages={489--504},
	year={2018}
}

@ONLINE {alphago,
	author    = {Google Arts and Culture},
	title     = {The story of AlphaGo},
	subtitle  = {The first computer program to defeat a Go world champion},
	url       = {https://artsandculture.google.com/story/the-story-of-alphago-barbican-centre/kQXBk0X1qEe5KA},
	urldate   = {2023-02-20}
}

@ONLINE {mongodb,
	author    = "{MongoDB, Inc.}",
	title     = {MongoDB: The Developer Data Platform},
	url       = {https://www.mongodb.com},
	urldate   = {2023-02-20}
}

@ONLINE {neo4j,
	author    = "{Neo4j, Inc.}",
	title     = {Neo4j Graph Data Platform},
	url       = {https://neo4j.com},
	urldate   = {2023-02-20}
}

@ONLINE {lucene,
	author    = "{The Apache Software Foundation}",
	title     = {Apache Lucene},
	url       = {https://lucene.apache.org/},
	urldate   = {2023-02-20}
}

@ONLINE {tensorflow,
	author    = "{Google LLC}",
	title     = {TensorFlow},
	url       = {https://www.tensorflow.org/},
	urldate   = {2023-02-20}
}

================ datasets entries ================
@data{AB2_PVCY7B_2020,
	author = {Statistics Canada},
	publisher = {Abacus Data Network},
	title = {{Crowdsourcing: Impacts of COVID-19 on Canadians' Perception of Safety Public Use Microdata File, [2020]}},
	year = {2020},
	version = {V1},
	doi = {11272.1/AB2/PVCY7B},
	url = {https://hdl.handle.net/11272.1/AB2/PVCY7B}
}

@data{AB2_UQKWIZ_2020,
	author = {Statistics Canada},
	publisher = {Abacus Data Network},
	title = {{Crowdsourcing: Impacts of the COVID-19 on Canadians – Trust in Others Public Use Microdata File [2020]}},
	UNF = {UNF:6:mdV3Hzzq8p3JdzkBUS3r+A==},
	year = {2020},
	version = {V1},
	doi = {11272.1/AB2/UQKWIZ},
	url = {https://hdl.handle.net/11272.1/AB2/UQKWIZ}
}
==================================================

@inproceedings{du2021tabularnet,
  title={TabularNet: A Neural Network Architecture for Understanding Semantic Structures of Tabular Data},
  author={Du, Lun and Gao, Fei and Chen, Xu and Jia, Ran and Wang, Junshan and Zhang, Jiang and Han, Shi and Zhang, Dongmei},
  booktitle={Proceedings of the 27th ACM SIGKDD Conference on Knowledge Discovery \& Data Mining},
  pages={322--331},
  year={2021}
}
@inproceedings{bordawekar2017using,
  title={Using word embedding to enable semantic queries in relational databases},
  author={Bordawekar, Rajesh and Shmueli, Oded},
  booktitle={Proceedings of the 1st Workshop on Data Management for End-to-End Machine Learning},
  pages={1--4},
  year={2017}
}
@inproceedings{zhang2019table2vec,
  title={Table2vec: Neural word and entity embeddings for table population and retrieval},
  author={Zhang, Li and Zhang, Shuo and Balog, Krisztian},
  booktitle={Proceedings of the 42nd International ACM SIGIR Conference on Research and Development in Information Retrieval},
  pages={1029--1032},
  year={2019}
}
@article{huang2020tabtransformer,
  title={Tabtransformer: Tabular data modeling using contextual embeddings},
  author={Huang, Xin and Khetan, Ashish and Cvitkovic, Milan and Karnin, Zohar},
  journal={arXiv preprint arXiv:2012.06678},
  year={2020}
}
@article{gorishniy2022embeddings,
  title={On Embeddings for Numerical Features in Tabular Deep Learning},
  author={Gorishniy, Yura and Rubachev, Ivan and Babenko, Artem},
  journal={arXiv preprint arXiv:2203.05556},
  year={2022}
}

@inproceedings{luo2020network,
  title={Network on network for tabular data classification in real-world applications},
  author={Luo, Yuanfei and Zhou, Hao and Tu, Wei-Wei and Chen, Yuqiang and Dai, Wenyuan and Yang, Qiang},
  booktitle={Proceedings of the 43rd International ACM SIGIR Conference on Research and Development in Information Retrieval},
  pages={2317--2326},
  year={2020}
}

@inproceedings{yin-etal-2020-tabert,
    title = "{T}a{BERT}: Pretraining for Joint Understanding of Textual and Tabular Data",
    author = "Yin, Pengcheng  and
      Neubig, Graham  and
      Yih, Wen-tau  and
      Riedel, Sebastian",
    booktitle = "Proceedings of the 58th Annual Meeting of the Association for Computational Linguistics",
    month = jul,
    year = "2020",
    address = "Online",
    publisher = "Association for Computational Linguistics",
    url = "https://aclanthology.org/2020.acl-main.745",
    doi = "10.18653/v1/2020.acl-main.745",
    pages = "8413--8426",
}
@article{DBLP:journals/corr/abs-2012-06678,
  author    = {Xin Huang and
               Ashish Khetan and
               Milan Cvitkovic and
               Zohar S. Karnin},
  title     = {TabTransformer: Tabular Data Modeling Using Contextual Embeddings},
  journal   = {CoRR},
  volume    = {abs/2012.06678},
  year      = {2020},
  url       = {https://arxiv.org/abs/2012.06678},
  eprinttype = {arXiv},
  eprint    = {2012.06678},
  timestamp = {Sat, 02 Jan 2021 15:43:30 +0100},
  biburl    = {https://dblp.org/rec/journals/corr/abs-2012-06678.bib},
  bibsource = {dblp computer science bibliography, https://dblp.org}
}

@inproceedings{tabbie2021,
    authors = {Hiroshi Iida and Dung Thai and Varun Manjunatha and Mohit Iyyer},
    title = {TABBIE: Pretrained Representations of Tabular Data},
    booktitle = {Proceedings of the 2021 Conference of the North American Chapter of the
Association for Computational Linguistics: Human Language Technologies},
    year = {2021},
    pages = {3446–3456}
}
@article{gorishniy2021revisiting,
  title={Revisiting deep learning models for tabular data},
  author={Gorishniy, Yury and Rubachev, Ivan and Khrulkov, Valentin and Babenko, Artem},
  journal={Advances in Neural Information Processing Systems},
  volume={34},
  year={2021}
}
@inproceedings{sankhe2021tablenn,
  title={TableNN: Deep Learning Framework for Learning Domain Specific Tabular Data},
  author={Sankhe, Pranav and Khabiri, Elham and Agrawal, Bhavna and Li, Yingjie},
  booktitle={2021 IEEE International Conference on Big Data (Big Data)},
  pages={4097--4102},
  year={2021},
  organization={IEEE}
}

@article{yu2010keyword,
  title={Keyword search in relational databases: A survey.},
  author={Yu, Jeffrey Xu and Qin, Lu and Chang, Lijun},
  journal={IEEE Data Eng. Bull.},
  volume={33},
  number={1},
  pages={67--78},
  year={2010},
  publisher={Citeseer}
}
@inproceedings{bergamaschi2011keyword,
  title={Keyword search over relational databases: a metadata approach},
  author={Bergamaschi, Sonia and Domnori, Elton and Guerra, Francesco and Trillo Lado, Raquel and Velegrakis, Yannis},
  booktitle={Proceedings of the 2011 ACM SIGMOD International Conference on Management of data},
  pages={565--576},
  year={2011}
}

@inproceedings{shah2016hash,
  title={Hash based optimization for faster access to inverted index},
  author={Shah, Samarth and Shaikh, Aadil},
  booktitle={2016 International Conference on Inventive Computation Technologies (ICICT)},
  volume={1},
  pages={1--5},
  year={2016},
  organization={IEEE}
}

@article{garcia2005database,
  title={Database Systems—The Complete Book Second Edition—Chapter 18—Concurrency Control},
  author={Héctor García-Molina and Jeffrey Ullman and Jennifer Widom },
  journal={Database systems the complete book,},
  year={2005}
}

%%%% data sets %%%%
@data{ds01,
author = {Statistics Canada},
title = {{Labour Force Survey, April 2019 [Canada]}},
year = {2019},
url = {https://www.odesi.ca}
}

@data{ds02,
author = {Statistics Canada},
publisher = {Abacus Data Network},
title = {{Crowdsourcing: Impacts of COVID-19 on Canadians' Experiences of Discrimination Public Use Microdata File}},
UNF = {UNF:6:TgttnQ0CsQGQtxaIq8U9Tw==},
year = {2020},
version = {V1},
doi = {11272.1/AB2/8GUSBY},
url = {https://hdl.handle.net/11272.1/AB2/8GUSBY}
}

@data{ds03,
author = {Statistics Canada},
publisher = {Abacus Data Network},
title = {{Crowdsourcing: Impacts of COVID-19 on Canadians Public Use Microdata File, [2020]}},
UNF = {UNF:6:h6oHsTBXTkM6wAomSRkNCQ==},
year = {2020},
version = {V1},
doi = {11272.1/AB2/SMGRHJ},
url = {https://hdl.handle.net/11272.1/AB2/SMGRHJ}
}

@data{ds04,
author = {Statistics Canada},
publisher = {Abacus Data Network},
title = {{Crowdsourcing: Impacts of the COVID-19 on Canadians – Your Mental Health Public Use Microdata File, [2020]}},
UNF = {UNF:6:8LTX7Q5vZrDMA0gA+n7uqg==},
year = {2020},
version = {V1},
doi = {11272.1/AB2/RHP5H5},
url = {https://hdl.handle.net/11272.1/AB2/RHP5H5}
}

@data{ds05,
author = {Statistics Canada},
publisher = {Abacus Data Network},
title = {{Crowdsourcing: Impacts of COVID-19 on Canadians' Perception of Safety Public Use Microdata File, [2020]}},
year = {2020},
version = {V1},
doi = {11272.1/AB2/PVCY7B},
url = {https://hdl.handle.net/11272.1/AB2/PVCY7B}
}

@data{ds06,
author = {Statistics Canada},
publisher = {Abacus Data Network},
title = {{Crowdsourcing: Impacts of the COVID-19 on Canadians – Trust in Others Public Use Microdata File [2020]}},
UNF = {UNF:6:mdV3Hzzq8p3JdzkBUS3r+A==},
year = {2020},
version = {V1},
doi = {11272.1/AB2/UQKWIZ},
url = {https://hdl.handle.net/11272.1/AB2/UQKWIZ}
}

@data{ds07,
author = {Statistics Canada},
publisher = {Abacus Data Network},
title = {{Impacts of the COVID-19 pandemic on postsecondary students (ICPPS) 2020, Crowdsource file, Public use microdata file}},
UNF = {UNF:6:qurcieN7YKlTDMZQDASM4Q==},
year = {2020},
version = {V1},
doi = {11272.1/AB2/J4X8SG},
url = {https://hdl.handle.net/11272.1/AB2/J4X8SG}
}

@data{ds08,
author = {Statistics Canada},
publisher = {Abacus Data Network},
title = {{Canadian Income Survey (CIS), 2017}},
UNF = {UNF:6:Uk15LUlXxyTqBC8SteMCjA==},
year = {2019},
version = {V1},
doi = {11272.1/AB2/HFWKLV},
url = {https://hdl.handle.net/11272.1/AB2/HFWKLV}
}

@data{ds09,
author = {Statistics Canada},
publisher = {Abacus Data Network},
title = {{Canadian Community Health Survey - Annual Component (CCHS) 2017-2018}},
UNF = {UNF:6:c73MeUBrJO95V3II6UzvzA==},
year = {2020},
version = {V1},
doi = {11272.1/AB2/SEB16A},
url = {https://hdl.handle.net/11272.1/AB2/SEB16A}
}

@data{ds10,
author = {Statistics Canada},
publisher = {Abacus Data Network},
title = {{Canadian Housing Survey, 2018}},
UNF = {UNF:6:FF7IaRUGWhHGiquFtBCZ4Q==},
year = {2021},
version = {V1},
doi = {11272.1/AB2/EZJYQI},
url = {https://hdl.handle.net/11272.1/AB2/EZJYQI}
}
%%%%%%%%%%%%%%%%%%%

@article{kim1994fast,
  title={Fast string matching using an n-gram algorithm},
  author={Kim, Jong Yong and Shawe-Taylor, John},
  journal={Software: Practice and Experience},
  volume={24},
  number={1},
  pages={79--88},
  year={1994},
  publisher={Wiley Online Library}
}

@article{kim2007n,
  title={n-Gram/2L-approximation: a two-level n-gram inverted index structure for approximate string matching},
  author={Kim, M and Whang, K and Lee, J},
  journal={Computer Systems Science and Engineering},
  volume={22},
  number={6},
  pages={365},
  year={2007}
}

@inproceedings{kondrak2005n,
  title={N-gram similarity and distance},
  author={Kondrak, Grzegorz},
  booktitle={String Processing and Information Retrieval: 12th International Conference, SPIRE 2005, Buenos Aires, Argentina, November 2-4, 2005. Proceedings 12},
  pages={115--126},
  year={2005},
  organization={Springer}
}

@inproceedings{davis1995text,
  title={Text alignment in the real world: Improving alignments of noisy translations using common lexical features, string matching strategies and n-gram comparisons},
  author={Davis, Mark W and Dunning, Ted E and Ogden, William C},
  booktitle={Seventh Conference of the European Chapter of the Association for Computational Linguistics},
  year={1995}
}

%%%%%%%%%
% Related Work
%%%%%%%%%

@inproceedings{tao2009finding,
  title={Finding frequent co-occurring terms in relational keyword search},
  author={Tao, Yufei and Yu, Jeffrey Xu},
  booktitle={Proceedings of the 12th International Conference on Extending Database Technology: Advances in Database Technology},
  pages={839--850},
  year={2009}
}

@article{park2011keyword,
  title={Keyword search in relational databases},
  author={Park, Jaehui and Lee, Sang-goo},
  journal={Knowledge and Information Systems},
  volume={26},
  pages={175--193},
  year={2011},
  publisher={Springer}
}

@inproceedings{hristidis2002discover,
  title={Discover: Keyword search in relational databases},
  author={Hristidis, Vagelis and Papakonstantinou, Yannis},
  booktitle={VLDB'02: Proceedings of the 28th International Conference on Very Large Databases},
  pages={670--681},
  year={2002},
  organization={Elsevier}
}

@inproceedings{liu2006effective,
  title={Effective keyword search in relational databases},
  author={Liu, Fang and Yu, Clement and Meng, Weiyi and Chowdhury, Abdur},
  booktitle={Proceedings of the 2006 ACM SIGMOD international conference on Management of data},
  pages={563--574},
  year={2006}
}

@article{meng2017top,
  title={Top-k coupled keyword recommendation for relational keyword queries},
  author={Meng, Xiangfu and Cao, Longbing and Zhang, Xiaoyan and Shao, Jingyu},
  journal={Knowledge and Information Systems},
  volume={50},
  pages={883--916},
  year={2017},
  publisher={Springer}
}

@inproceedings{zeng2012isearch,
  title={iSearch: an interpretation based framework for keyword search in relational databases},
  author={Zeng, Zhong and Bao, Zhifeng and Ling, Tok Wang and Lee, Mong Li},
  booktitle={Proceedings of the Third International Workshop on Keyword Search on Structured Data},
  pages={3--10},
  year={2012}
}

%-----------------

@article{marcus2022bao,
  title={Bao: Making learned query optimization practical},
  author={Marcus, Ryan and Negi, Parimarjan and Mao, Hongzi and Tatbul, Nesime and Alizadeh, Mohammad and Kraska, Tim},
  journal={ACM SIGMOD Record},
  volume={51},
  number={1},
  pages={6--13},
  year={2022},
  publisher={ACM New York, NY, USA}
}

@inproceedings{ding2020alex,
  title={ALEX: an updatable adaptive learned index},
  author={Ding, Jialin and Minhas, Umar Farooq and Yu, Jia and Wang, Chi and Do, Jaeyoung and Li, Yinan and Zhang, Hantian and Chandramouli, Badrish and Gehrke, Johannes and Kossmann, Donald and others},
  booktitle={Proceedings of the 2020 ACM SIGMOD International Conference on Management of Data},
  pages={969--984},
  year={2020}
}

@inproceedings{kipf2020radixspline,
  title={RadixSpline: a single-pass learned index},
  author={Kipf, Andreas and Marcus, Ryan and van Renen, Alexander and Stoian, Mihail and Kemper, Alfons and Kraska, Tim and Neumann, Thomas},
  booktitle={Proceedings of the third international workshop on exploiting artificial intelligence techniques for data management},
  pages={1--5},
  year={2020}
}

@inproceedings{siddiqui2020cost,
  title={Cost models for big data query processing: Learning, retrofitting, and our findings},
  author={Siddiqui, Tarique and Jindal, Alekh and Qiao, Shi and Patel, Hiren and Le, Wangchao},
  booktitle={Proceedings of the 2020 ACM SIGMOD International Conference on Management of Data},
  pages={99--113},
  year={2020}
}

@article{beeri1979computational,
  title={Computational problems related to the design of normal form relational schemas},
  author={Beeri, Catriel and Bernstein, Philip A},
  journal={ACM Transactions on Database Systems (TODS)},
  volume={4},
  number={1},
  pages={30--59},
  year={1979},
  publisher={ACM New York, NY, USA}
}

@book{croft2010search,
  title={Search engines: Information retrieval in practice},
  author={Croft, W Bruce and Metzler, Donald and Strohman, Trevor},
  volume={520},
  year={2010},
  publisher={Addison-Wesley Reading}
}

% tokenizers
@inproceedings{jimenez2018impact,
  title={On the impact of tokenizer and parameters on n-gram based code analysis},
  author={Jimenez, Matthieu and Maxime, Cordy and Le Traon, Yves and Papadakis, Mike},
  booktitle={2018 IEEE International Conference on Software Maintenance and Evolution (ICSME)},
  pages={437--448},
  year={2018},
  organization={IEEE}
}
@inproceedings{takaoka2018sudachi,
  title={Sudachi: A Japanese tokenizer for business},
  author={Takaoka, Kazuma and Hisamoto, Sorami and Kawahara, Noriko and Sakamoto, Miho and Uchida, Yoshitaka and Matsumoto, Yuji},
  booktitle={Proceedings of the Eleventh International Conference on Language Resources and Evaluation (LREC 2018)},
  year={2018}
}
@article{kudo2018sentencepiece,
  title={Sentencepiece: A simple and language independent subword tokenizer and detokenizer for neural text processing},
  author={Kudo, Taku and Richardson, John},
  journal={arXiv preprint arXiv:1808.06226},
  year={2018}
}
@inproceedings{cao2011research,
  title={The research of performance of Lucene's Chinese tokenizer},
  author={Cao, Liang and Wu, Weiming and Gu, Yonghao},
  booktitle={2011 2nd International Conference on Artificial Intelligence, Management Science and Electronic Commerce (AIMSEC)},
  pages={7398--7401},
  year={2011},
  organization={IEEE}
}

@inproceedings{ntoulas2004s,
  title={What's new on the Web? The evolution of the Web from a search engine perspective},
  author={Ntoulas, Alexandros and Cho, Junghoo and Olston, Christopher},
  booktitle={Proceedings of the 13th international conference on World Wide Web},
  pages={1--12},
  year={2004}
}

@article{putz1991using,
  title={Using a relational database for an inverted text index},
  author={Putz, Steve},
  journal={Xerox Palo Alto Research Center Technical Report SSL-91-20, Xerox PARC},
  year={1991},
  publisher={Citeseer}
}

@article{kim1994fast,
  title={Fast string matching using an n-gram algorithm},
  author={Kim, Jong Yong and Shawe-Taylor, John},
  journal={Software: Practice and Experience},
  volume={24},
  number={1},
  pages={79--88},
  year={1994},
  publisher={Wiley Online Library}
}

@article{lecun2015deep,
  title={Deep learning},
  author={LeCun, Yann and Bengio, Yoshua and Hinton, Geoffrey},
  journal={nature},
  volume={521},
  number={7553},
  pages={436--444},
  year={2015},
  publisher={Nature Publishing Group UK London}
}

@book{bengio2017deep,
  title={Deep learning},
  author={Bengio, Yoshua and Goodfellow, Ian and Courville, Aaron},
  volume={1},
  year={2017},
  publisher={MIT press Cambridge, MA, USA}
}

@article{li2018word,
  title={Word embedding for understanding natural language: a survey},
  author={Li, Yang and Yang, Tao},
  journal={Guide to big data applications},
  pages={83--104},
  year={2018},
  publisher={Springer}
}

@article{tripathy2021comprehensive,
  title={Comprehensive analysis of embeddings and pre-training in NLP},
  author={Tripathy, Jatin Karthik and Sethuraman, Sibi Chakkaravarthy and Cruz, Meenalosini Vimal and Namburu, Anupama and Mangalraj, P and Vijayakumar, Vaidehi and others},
  journal={Computer Science Review},
  volume={42},
  pages={100433},
  year={2021},
  publisher={Elsevier}
}
@article{yu2019review,
  title={A review of recurrent neural networks: LSTM cells and network architectures},
  author={Yu, Yong and Si, Xiaosheng and Hu, Changhua and Zhang, Jianxun},
  journal={Neural computation},
  volume={31},
  number={7},
  pages={1235--1270},
  year={2019},
  publisher={MIT Press One Rogers Street, Cambridge, MA 02142-1209, USA journals-info~…}
}
@article{DBLP:journals/corr/VaswaniSPUJGKP17,
  title={Attention is all you need},
  author={Vaswani, Ashish and Shazeer, Noam and Parmar, Niki and Uszkoreit, Jakob and Jones, Llion and Gomez, Aidan N and Kaiser, {\L}ukasz and Polosukhin, Illia},
  journal={Advances in neural information processing systems},
  volume={30},
  year={2017}
}

@article{tolstikhin2021mlp,
  title={Mlp-mixer: An all-mlp architecture for vision},
  author={Tolstikhin, Ilya O and Houlsby, Neil and Kolesnikov, Alexander and Beyer, Lucas and Zhai, Xiaohua and Unterthiner, Thomas and Yung, Jessica and Steiner, Andreas and Keysers, Daniel and Uszkoreit, Jakob and others},
  journal={Advances in neural information processing systems},
  volume={34},
  pages={24261--24272},
  year={2021}
}

@book{cormen2022introduction,
  title={Introduction to algorithms},
  author={Cormen, Thomas H and Leiserson, Charles E and Rivest, Ronald L and Stein, Clifford},
  year={2022},
  publisher={MIT press}
}
